<?xml version="1.0" encoding="UTF-8"?><collection xmlns="http://www.loc.gov/MARC21/slim"><record><leader>00328nam--2200109-i-4500</leader><controlfield tag="001">000025623</controlfield><controlfield tag="002">20161230</controlfield><controlfield tag="005">20161230201036</controlfield><controlfield tag="008">060222s1000------------r-----000-0-eng-d</controlfield><datafield ind1=" " ind2=" " tag="245"><subfield code="a">An improved sampler for the uranium purification plant (b 207)</subfield></datafield><datafield ind1=" " ind2=" " tag="260"><subfield code="a">Washington, Us Atomic Energy Commission, 1961. 4p.+4tab.+2fig</subfield></datafield><datafield ind1=" " ind2=" " tag="852"><subfield code="a">16622</subfield></datafield></record></collection>